<record><leader>00000cas a22000007a 4500</leader><controlfield tag="001">18248022</controlfield><controlfield tag="008">880721d18841921nyuwr ne      0    0eng d</controlfield><datafield ind1=" " ind2=" " tag="010"><subfield code="a">sn 88074614 </subfield></datafield><datafield ind1=" " ind2=" " tag="040"><subfield code="a">NYS</subfield><subfield code="b">eng</subfield><subfield code="c">NYS</subfield><subfield code="d">OCLCQ</subfield></datafield><datafield ind1=" " ind2=" " tag="042"><subfield code="a">msc</subfield></datafield><datafield ind1="0" ind2="0" tag="245"><subfield code="a">Fort Plain free press.</subfield></datafield><datafield ind1=" " ind2=" " tag="260"><subfield code="a">Fort Plain, N.Y. :</subfield><subfield code="b">A.L. &amp; H.C. Diefendorf</subfield></datafield><datafield ind1=" " ind2=" " tag="300"><subfield code="a">v. ;</subfield><subfield code="c">60 cm.</subfield></datafield><datafield ind1=" " ind2=" " tag="310"><subfield code="a">Weekly</subfield></datafield><datafield ind1="1" ind2=" " tag="362"><subfield code="a">Began with Apr. 8, 1884 issue?</subfield><subfield code="z">Cf. Gregory, W. Amer. newspapers.</subfield></datafield><datafield ind1="1" ind2=" " tag="362"><subfield code="a">Ceased in 1921.</subfield></datafield><datafield ind1=" " ind2=" " tag="500"><subfield code="a">Publishers: A.L. &amp; H.C. Diefendorf, &lt;1886&gt;; Harvey C. Diefendorf, &lt;1899&gt;.</subfield></datafield><datafield ind1=" " ind2=" " tag="588"><subfield code="a">Description based on: Vol. 2, no. 50 (Mar. 16, 1886) = Whole no. 102.</subfield></datafield><datafield ind1=" " ind2="4" tag="651"><subfield code="a">Fort Plain (N.Y.)</subfield><subfield code="v">Newspapers.</subfield></datafield><datafield ind1=" " ind2=" " tag="752"><subfield code="a">United States</subfield><subfield code="b">New York</subfield><subfield code="c">Montgomery</subfield><subfield code="d">Fort Plain.</subfield></datafield><datafield ind1="0" ind2="7" tag="785"><subfield code="t">Mohawk Valley register (Fort Plain, N.Y. : 1870)</subfield><subfield code="w">(DLC)sn 88074613</subfield><subfield code="w">(OCoLC)18271338</subfield></datafield><datafield ind1="0" ind2="7" tag="785"><subfield code="t">Fort Plain free press, Mohawk Valley register</subfield><subfield code="w">(DLC)sn 88075732</subfield><subfield code="w">(OCoLC)18248369</subfield></datafield><datafield ind1="1" ind2=" " tag="029"><subfield code="a">AU@</subfield><subfield code="b">000020524634</subfield></datafield></record>